<record><leader>00000cas a22000007a 4500</leader><controlfield tag="001">11408018</controlfield><controlfield tag="008">841120d19111913ohuwr ne      0    0eng d</controlfield><datafield ind1=" " ind2=" " tag="010"><subfield code="a">sn 84028770 </subfield></datafield><datafield ind1=" " ind2=" " tag="040"><subfield code="a">NPY</subfield><subfield code="b">eng</subfield><subfield code="c">NPY</subfield><subfield code="d">ONP</subfield><subfield code="d">OCLCQ</subfield></datafield><datafield ind1=" " ind2=" " tag="042"><subfield code="a">msc</subfield></datafield><datafield ind1="0" ind2="4" tag="245"><subfield code="a">The Glenville times and weekly review.</subfield></datafield><datafield ind1="1" ind2="3" tag="246"><subfield code="a">Glenville times</subfield></datafield><datafield ind1=" " ind2=" " tag="260"><subfield code="a">Glenville Sta., Cleveland, Ohio :</subfield><subfield code="b">J. Shackson</subfield></datafield><datafield ind1=" " ind2=" " tag="300"><subfield code="a">v. :</subfield><subfield code="b">ill. ;</subfield><subfield code="c">55 cm.</subfield></datafield><datafield ind1=" " ind2=" " tag="310"><subfield code="a">Weekly</subfield></datafield><datafield ind1="1" ind2=" " tag="362"><subfield code="a">Began in 1911; ceased in 1913?</subfield></datafield><datafield ind1=" " ind2=" " tag="500"><subfield code="a">Published on Friday.</subfield></datafield><datafield ind1=" " ind2=" " tag="588"><subfield code="a">Description based on: 24th year, no. 42 (Oct. 20, 1911).</subfield></datafield><datafield ind1="1" ind2=" " tag="700"><subfield code="a">Shackson, John.</subfield></datafield><datafield ind1=" " ind2=" " tag="752"><subfield code="a">United States</subfield><subfield code="b">Ohio</subfield><subfield code="c">Cuyahoga</subfield><subfield code="d">Glenville Station.</subfield></datafield><datafield ind1=" " ind2=" " tag="752"><subfield code="a">United States</subfield><subfield code="b">Ohio</subfield><subfield code="c">Cuyahoga</subfield><subfield code="d">Cleveland.</subfield></datafield><datafield ind1="0" ind2="4" tag="780"><subfield code="t">Glenville times (Glenville, Ohio : 1896)</subfield><subfield code="w">(DLC)sn 84028769</subfield></datafield><datafield ind1="0" ind2="4" tag="780"><subfield code="t">Weekly review (Glenville, Ohio)</subfield></datafield><datafield ind1="0" ind2="0" tag="785"><subfield code="t">Cleveland-Glenville times</subfield><subfield code="w">(DLC)sn 84028771</subfield></datafield><datafield ind1="1" ind2=" " tag="029"><subfield code="a">AU@</subfield><subfield code="b">000025798790</subfield></datafield></record>